<?xml version="1.0" encoding="UTF-8"?><collection xmlns="http://www.loc.gov/MARC21/slim"><record><leader>00474nam--2200145-i-4500</leader><controlfield tag="001">000005321</controlfield><controlfield tag="002">20161230</controlfield><controlfield tag="005">20161230201026</controlfield><controlfield tag="008">060222s1000------------r-----000-0-eng-d</controlfield><datafield ind1=" " ind2=" " tag="080"><subfield code="a">517.512.2</subfield></datafield><datafield ind1=" " ind2=" " tag="100"><subfield code="a">Bochner Salomon</subfield></datafield><datafield ind1=" " ind2=" " tag="245"><subfield code="a">Lectures on fourier integrals. with an au thor`s suppliment on monotonic functions, sti eltjes integrals and harmonic analysis</subfield></datafield><datafield ind1=" " ind2=" " tag="260"><subfield code="a">Princeton University Press, 1959. 333 P</subfield></datafield><datafield ind1=" " ind2=" " tag="490"><subfield code="a">Annals Of Mathematics Studies</subfield></datafield><datafield ind1=" " ind2=" " tag="852"><subfield code="a">13404</subfield></datafield></record></collection>